@article{cheerios_2005,
	doi = {10.1119/1.1898523},
  
	url = {https://doi.org/10.1119%2F1.1898523},
  
	year = 2005,
	month = {sep},
  
	publisher = {American Association of Physics Teachers ({AAPT})},
  
	volume = {73},
  
	number = {9},
  
	pages = {817--825},
  
	author = {Dominic Vella and L. Mahadevan},
  
	title = {The {\textquotedblleft}Cheerios effect{\textquotedblright}
},
  
	journal = {American Journal of Physics}
}